@book{proakis2008digital,
  title={Digital Communications},
  author={Proakis, John G. and Salehi, Masoud},
  year={2008},
  edition={5th},
  publisher={McGraw-Hill}
}

@book{haykin2009communication,
  title={Communication Systems},
  author={Haykin, Simon and Moher, Michael},
  year={2009},
  edition={5th},
  publisher={Wiley}
}

@book{lathi2009modern,
  title={Modern Digital and Analog Communication Systems},
  author={Lathi, B. P. and Ding, Zhi},
  year={2009},
  edition={4th},
  publisher={Oxford University Press}
}

@book{oppenheim1999discrete,
  title={Discrete-Time Signal Processing},
  author={Oppenheim, Alan V. and Schafer, Ronald W. and Buck, John R.},
  year={1999},
  edition={2nd},
  publisher={Prentice Hall}
}

@book{hsu2003schaum,
  title={Schaum's Outline of Analog and Digital Communications},
  author={Hsu, Hwei P.},
  year={2003},
  edition={2nd},
  publisher={McGraw-Hill},
  series={Schaum's Outline Series}

}
@book{sklar2001digital,
  title={Digital Communications: Fundamentals and Applications},
  author={Sklar, Bernard},
  year={2001},
  edition={2nd},
  publisher={Prentice Hall PTR}
}
@misc{mandal2025,
  author       = {Sudip Mandal},
  title        = {Digital Communication Labs using MATLAB},
  howpublished = {\url{https://www.youtube.com/watch?v=Ap-LiY9fWto&t=904s}},
  year         = {2025},
  note         = {Accessed: Sep. 17, 2025}
}
